@article{callut2011sequence,
  title     = {Sequence classification in the Jensen-Shannon embedding},
  author    = {Callut, J{\'e}r{\^o}me and Dupont, Pierre and Saerens, Marco},
  booktitle = {International conference on machine learning},
  year      = {2011}
}

@article{togninalli2019wasserstein,
  title   = {Wasserstein Weisfeiler-Lehman graph kernels},
  author  = {Togninalli, Matteo and Ghisu, Elisabetta and Llinares-L{\'o}pez, Felipe and Rieck, Bastian and Borgwardt, Karsten},
  journal = {Advances in neural information processing systems},
  volume  = {32},
  year    = {2019}
}

@article{schulz2022generalized,
  title     = {A generalized Weisfeiler-Lehman graph kernel},
  author    = {Schulz, Till Hendrik and Horv{\'a}th, Tam{\'a}s and Welke, Pascal and Wrobel, Stefan},
  journal   = {Machine Learning},
  volume    = {111},
  number    = {7},
  pages     = {2601--2629},
  year      = {2022},
  publisher = {Springer}
}

@article{weisfeilerlehman1968,
  author = {B. Weifeiler and A. A. Lehman},
  title = {A reduction of a graph to a canonical form and an algebra arising during this reduction},
  journal = {Nauchno-Technicheskaya Informatsia},
  year = {1968},
}

@article{shervashidze11a,
  author  = {Nino Shervashidze and Pascal Schweitzer and Erik Jan van Leeuwen and Kurt Mehlhorn and Karsten M. Borgwardt},
  title   = {Weisfeiler-Lehman Graph Kernels},
  journal = {Journal of Machine Learning Research},
  year    = {2011},
  volume  = {12},
  number  = {77},
  pages   = {2539-2561},
  url     = {http://jmlr.org/papers/v12/shervashidze11a.html}
}
